@inproceedings{blanchette-et-al-2014-codata,
  author = "Jasmin Christian Blanchette and Johannes H{\"o}lzl
  and Andreas Lochbihler and Lorenz Panny and Andrei Popescu and Dmitriy Traytel",
  title = "Truly Modular (Co)datatypes for {I}sabelle/{HOL}",
  year = 2014,
  publisher = "Springer",
  editor = "Gerwin Klein and Ruben Gamboa",
  booktitle = "ITP 2014",
  series = "LNCS",
  volume = 8558,
  pages = "93--110"
}

@book{nipkow-et-al-2002,
  author = "Tobias Nipkow and Lawrence C. Paulson and Markus Wenzel",
  title = "{I}sabelle/{HOL}: A~Proof Assistant for Higher-Order Logic",
  publisher="Springer",
  series={{LNCS}},
  volume={2283},
  year=2002}

@book{nipkow-klein-201x,
  author={Tobias Nipkow and Gerwin Klein},
  title="Concrete Semantics with Isabelle/HOL",
  publisher="Springer",year={to appear},
  note={\url{http://www.in.tum.de/~nipkow/Concrete-Semantics}\strut}}

@InProceedings{barrett-et-al-2010,
  author = {Clark Barrett and Aaron Stump and Cesare Tinelli},
  title =	 {The {SMT-LIB} Standard---{V}ersion 2.0},
  year =	 2010,
  booktitle = {SMT 2010},
  editor =	 {A. Gupta and D. Kroening}
}

@misc{smtlib25,
  author = "Clark Barrett and Pascal Fontaine and Cesare Tinelli",
  title = "The {SMT-LIB} Standard---{V}ersion 2.5",
  year = 2015,
  note = "\url{http://smt-lib.org/language.shtml} (to appear)"
  
}

@inproceedings{gunter-1993-not,
  author    = {Elsa L. Gunter},
  title     = {Why we can't have {SML}-style \texttt{datatype} Declarations in {HOL}},
  booktitle = {TPHOLs '92},
  pages     = {561--568},
  editor    = {Luc J. M. Claesen and
               Michael J. C. Gordon},
  publisher = {North-Holland/Elsevier},
  series    = {IFIP Transactions},
  volume    = {A-20},
  year      = {1993}
}

@article{leroy-2009,
  author    = {Xavier Leroy},
  title     = {A Formally Verified Compiler Back-end},
  journal   = {J. Autom.\ Reas.},
  volume    = {43},
  number    = {4},
  year      = {2009},
  pages     = {363--446}
}

@inproceedings{lochbihler-2010-jinja,
  author = "Andreas Lochbihler",
  title = "Verifying a Compiler for {J}ava Threads",
  year = "2010",
  booktitle = "ESOP~2010",
  editor = {Andrew D. Gordon},
  pages = {427--447},
  series = "LNCS",
  volume = "6012",
  publisher = {Springer}}

@article{lochbihler-2014-jmm,
  author = "Andreas Lochbihler",
  title = "Making the {Java} Memory Model Safe",
  journal = "ACM Trans. Program. Lang. Syst.",
  volume = 35,
  number = 4,
  year = 2014,
  pages = "12:1--65",
} 

@Article{barrett-et-al-2007,
  author =	 {Clark Barrett and Igor Shikanian and Cesare Tinelli},
  title =	 {An Abstract Decision Procedure for Satisfiability in
                  the Theory of Inductive Data Types},
  journal =	 {J. Satisf. Boolean Model. Comput.},
  year =	 2007,
  volume =	 3,
  pages =	 {21--46},
}

@article{nelson-oppen-1979,
 author = {Greg Nelson and Derek C. Oppen},
 title = {Simplification by Cooperating Decision Procedures},
 journal = {ACM Trans. Program. Lang. Syst.},
 volume = {1},
 number = {2},
 year = {1979},
 pages = {245--257}
}

@inproceedings{blanchette-paskevich-2013,
  author = "Jasmin Christian Blanchette and Andrei Paskevich",
  title = "{TFF1}: The {TPTP} typed first-order form with rank-1 polymorphism",
  editor = "Maria Paola Bonacina",
  booktitle = "CADE-24",
  series = "LNCS",
  volume = 7898,
  pages = "414--420",
  publisher = "Springer",
  year = 2013}

@inproceedings{blanchette-nipkow-2010,
  title = "Nitpick: A Counterexample Generator for Higher-Order Logic Based on a Relational Model Finder",
  author = "Jasmin Christian Blanchette and Tobias Nipkow",
  publisher = "Springer",
  series = "LNCS",
  year = 2010,
  editor = "Matt Kaufmann and Lawrence C. Paulson",
  booktitle = "ITP 2010",
  volume = 6172,
  pages = "131--146"}

%%% TODO: update link
@misc{our-report,
  author = {Andrew Reynolds and Jasmin Christian Blanchette},
  title = "A Decision Procedure for (Co)datatypes in {SMT} Solvers",
  howpublished = "Tech.\ report, \url{http://lara.epfl.ch/~reynolds/CADE2015-cdt/}",
  year = 2015
}

@inproceedings{reynolds-kuncak-2015,
  title = "Induction for {SMT} Solvers",
  author = "Andrew Reynolds and Viktor Kuncak",
  booktitle = {{VMCAI} 2015},
  pages     = {80--98},
  editor    = {Deepak D'Souza and
               Akash Lal and
               Kim Guldstrand Larsen},
  series    = {LNCS},
  volume    = {8931},
  publisher = {Springer},
  year      = {2014}
}

%%% TODO: Fix me
@misc{wand-weidenbach-201x,
  title = "Automatic Induction inside Superposition",
  author = "Daniel Wand and Christoph Weidenbach",
  note = "Available at \url{http://people.mpi-inf.mpg.de/~dwand/datasup/draft.pdf}, accessed February 2015"}

%%% TODO: Fix me
@misc{cruanes-201x,
  author = "Simon Cruanes",
  title = "Superposition and Structural Induction",
  note = "Unpublished draft"}

%%% TODO: Add details
@inproceedings{blanchette-et-al-2015-esop,
  title = "Witnessing (Co)datatypes",
  author = {Jasmin Christian Blanchette and Andrei Popescu and Dmitriy Traytel},
  editor = "Jan Vitek",
  booktitle = "ESOP 2015",
  publisher = "Springer",
  series = "LNCS",
  year = 2015}

@inproceedings{paulson-blanchette-2010,
  author = "Lawrence C. Paulson and Jasmin Christian Blanchette",
  title = "Three Years of Experience with {Sledgehammer}, a~Practical Link Between Automatic and Interactive Theorem Provers",
  booktitle = "{IWIL 2010}",
  editor    = {Geoff Sutcliffe and
               Stephan Schulz and
               Eugenia Ternovska},
  pages     = {1--11},
  publisher = {EasyChair},
  series    = {EPiC Series},
  volume    = {2},
  year      = {2012}
}

@article{blanchette-et-al-2013-smt,
  author = {J. C. Blanchette and Sascha B{\"o}hme and Lawrence C. Paulson},
  title = "Extending {S}ledgehammer with {SMT} Solvers",
  journal = "J.~Autom.\ Reasoning",
  volume = 51,
  number = 1,
  pages = "109--128",
  year = 2013}

@book{klein-et-al-afp,
  title = "Archive of Formal Proofs",
  editor = "Gerwin Klein and Tobias Nipkow and Lawrence Paulson",
  publisher = "\url{http://afp.sf.net/}"}

@phdthesis{boehme-2012-phd,
  author = "Sascha B{\"o}hme",
  title = "Proving Theorems of Higher-Order Logic with {SMT} Solvers",
  school = {Dept.\ of Informatics, Technische Universit\"at M\"unchen},
  type = "{Ph.D.}\ thesis",
  year = 2012}

@inproceedings{blanchette-et-al-2014-impl,
  author = "Jasmin Christian Blanchette and Johannes H{\"o}lzl
  and Andreas Lochbihler and Lorenz Panny and Andrei Popescu and Dmitriy Traytel",
  title = "Truly Modular (Co)datatypes for {I}sabelle/{HOL}",
  year = 2014,
  publisher = "Springer",
  editor = "Gerwin Klein and Ruben Gamboa",
  booktitle = "ITP 2014",
  series = "LNCS",
  volume = 8558,
  pages = "93--110"
}

@article{rutten-2000,
  author = "J. J. M. M. Rutten",
  title = "Universal coalgebra---{A} theory of systems",
  journal = "Theor.\ Comput.\ Sci.",
  volume = 249,
  pages = "3--80",
  year = 2000}

@inproceedings{stump-et-al-2014-starexec,
  author    = {Aaron Stump and
               Geoff Sutcliffe and
               Cesare Tinelli},
  title     = {{StarExec}: {A} Cross-Community Infrastructure for Logic Solving},
  booktitle = {{IJCAR} 2014},
  pages     = {367--373},
  year      = {2014},
  editor    = {St{\'{e}}phane Demri and
               Deepak Kapur and
               Christoph Weidenbach},
  series    = {LNCS},
  volume    = {8562},
  publisher = {Springer}
}

@inproceedings{kersani-peltier-2013,
  author    = {Abdelkader Kersani and
               Nicolas Peltier},
  title     = {Combining Superposition and Induction: {A} Practical Realization},
  booktitle = {FroCoS 2013},
  pages     = {7--22},
  year      = {2013},
  editor    = {Pascal Fontaine and
               Christophe Ringeissen and
               Renate A. Schmidt},
  series    = {LNCS},
  volume    = {8152},
  publisher = {Springer}
}

@phdthesis{weber-2008,
  author = "Tjark Weber",
  title = "SAT-Based Finite Model Generation for Higher-Order Logic",
  school = {Dept.\ of Informatics, T.U. M\"unchen},
  type = "{Ph.D.}\ thesis",
  year = 2008}


%%% TYPESETTING: cheat with \,'s below
@article{kozen-1983,
  author    = {Dexter Kozen},
  title     = {Results on the Propositional $\mu$-Calculus},
  journal   = {Theor.\,Comput.\,Sci.},
  volume    = {27},
  pages     = {333--354},
  year      = {1983}
}

@article{endrullis-et-al-2011,
  author    = {J{\"{o}}rg Endrullis and
               Clemens Grabmayer and
               Jan Willem Klop and
               Vincent van Oostrom},
  title     = {On equal {\(\mu\)}-terms},
  journal   = {Theor. Comput. Sci.},
  volume    = {412},
  number    = {28},
  pages     = {3175--3202},
  year      = {2011}
}


@inproceedings{wand-2014,
  title = "Polymorphic+Typeclass Superposition",
  author = "Daniel Wand",
  booktitle = "PAAR 2014",
  editor = "Leonardo de Moura and Boris Konev and Stephan Schulz",
  year = 2014
}

@inproceedings{de-moura-bjoerner-2008,
  author    = {Leonardo de Moura and Nikolaj Bj{\o}rner},
  title     = {{Z3}: {An} Efficient {SMT} Solver},
  editor = "C. R. Ramakrishnan and Jakob Rehof",
  booktitle = {TACAS 2008},
  volume    = {4963},
  series    = "LNCS",
  pages     = {337--340},
  publisher = {Springer},
  year      = {2008}
}

@inproceedings{DBLP:conf/cade/MouraB07,
  author = {Leonardo de Moura and
               Nikolaj Bj{\o}rner},
  title = {Efficient {E-Matching} for {SMT} Solvers},
  year = {2007},
  pages = {183-198},
  booktitle = {CADE, July 17-20, 2007,
               Proceedings},
  publisher = {Springer},
  series = {LNCS},
  volume = {4603},
  documenturl = {http://research.microsoft.com/projects/z3/cade07.pdf}
}

@inproceedings{barrett-et-al-2011,
  author    = {Clark Barrett and
               Christopher L. Conway and
               Morgan Deters and
               Liana Hadarean and
               Dejan Jovanovic and
               Tim King and
               Andrew Reynolds and
               Cesare Tinelli},
  title     = {{CVC4}},
  booktitle = {CAV 2011},
  pages     = {171--177},
  year      = {2011},
  editor    = {Ganesh Gopalakrishnan and
               Shaz Qadeer},
  series    = {LNCS},
  volume    = {6806},
  publisher = {Springer}
}

@inproceedings{jovanovic2011sharing,
  title={Sharing Is Caring: Combination of Theories},
  author={Jovanovi{\'c}, Dejan and Barrett, Clark},
  booktitle={FroCoS 2011},
  pages={195--210},
  year={2011},
  publisher={Springer},
  editor    = {Cesare Tinelli and
               Viorica Sofronie{-}Stokkermans},
  series    = {LNCS},
  volume    = {6989}
}


@inproceedings{MouraBjoerner07,
         title = {Efficient {E}-Matching for {SMT} Solvers},
        author = {Leonardo de Moura and Nikolaj Bj{\o}rner},
        editor = {Frank Pfenning},
     booktitle = {CADE-21},
          year = {2007},
         pages = {183--198},
     publisher = {Springer},
        series = {LNCS},
        volume = {4603}
}

@inproceedings{ReynoldsTinelliMoura14,
         title = {Finding conflicting instances of quantified formulas in {SMT}},
        author = {Andrew Reynolds and Cesare Tinelli and Leonardo de Moura},
     booktitle = {FMCAD 2014},
          year = {2014},
         pages = {195--202},
     publisher = {{IEEE}}
}

@inproceedings{leino-moskal-2014,
  author    = {Leino, K. Rustan M. and
               Michal Moskal},
  title     = {Co-induction Simply---{A}utomatic Co-inductive Proofs in a
               Program Verifier},
  booktitle = {FM 2014},
  year      = {2014},
  pages     = {382--398},
  editor    = {Cliff B. Jones and
               Pekka Pihlajasaari and
               Jun Sun},
  publisher = {Springer},
  series    = {LNCS},
  volume    = {8442}
}

@inproceedings{pham-et-al-2013,
  author    = {Tuan{-}Hung Pham and
               Michael W. Whalen},
  editor    = {Bertrand Meyer and
               Luciano Baresi and
               Mira Mezini},
  title     = {{RADA}: A tool for reasoning about algebraic data types with abstractions},
  booktitle = {ESEC/FSE '13},
  pages     = {611--614},
  publisher = {{ACM}},
  year      = {2013}
}

@inproceedings{suter-et-al-2010,
  author    = {Philippe Suter and
               Mirco Dotta and
               Viktor Kuncak},
  editor    = {Manuel V. Hermenegildo and
               Jens Palsberg},
  title     = {Decision procedures for algebraic data types with abstractions},
  booktitle = {{POPL} 2010},
  pages     = {199--210},
  publisher = {{ACM}},
  year      = {2010}
}

@inproceedings{suter-et-al-2011,
  author    = {Philippe Suter and
               Ali Sinan K{\"{o}}ksal and
               Viktor Kuncak},
  editor    = {Eran Yahav},
  title     = {Satisfiability Modulo Recursive Programs},
  booktitle = {{SAS} 2011},
  series    = {LNCS},
  volume    = {6887},
  pages     = {298--315},
  publisher = {Springer},
  year      = {2011}}

@inproceedings{reynolds-et-al-2013,
  author    = {Andrew Reynolds and
               Cesare Tinelli and
               Amit Goel and
               Sava Krsti{\'c} and
               Morgan Deters and
               Clark Barrett},
  editor    = {Maria Paola Bonacina},
  title     = {Quantifier Instantiation Techniques for Finite Model Finding in {SMT}},
  booktitle = {CADE-24},
  series    = {LNCS},
  volume    = {7898},
  pages     = {377--391},
  publisher = {Springer},
  year      = {2013}
}

@incollection{ReyEtAl-1-RR-13,
year={2013},
isbn={978-3-642-39798-1},
booktitle={Computer Aided Verification},
volume={8044},
series={Lecture Notes in Computer Science},
editor={Sharygina, Natasha and Veith, Helmut},
doi={10.1007/978-3-642-39799-8_42},
title={Finite Model Finding in {SMT}},
url={http://dx.doi.org/10.1007/978-3-642-39799-8_42},
publisher={Springer Berlin Heidelberg},
author={Reynolds, Andrew and Tinelli, Cesare and Goel, Amit and Krsti\'c, Sava},
pages={640-655}
}

@inproceedings{GeDeM-CAV-09,
  Author = {Ge, Yeting and de Moura, Leonardo},
  Booktitle = {Proceedings of CAV'09},
  Date-Added = {2013-01-15 19:27:40 +0000},
  Date-Modified = {2013-01-22 03:06:59 +0000},
  Doi = {http://dx.doi.org/10.1007/978-3-642-02658-4_25},
  Pages = {306--320},
  Publisher = {Springer},
  Series = {LNCS},
  Title = {Complete Instantiation for Quantified Formulas in Satisfiability Modulo Theories},
  Volume = {5643},
  Year = {2009},
  Bdsk-Url-1 = {http://dx.doi.org/10.1007/978-3-642-02658-4_25}}

@inproceedings{carayol-morvan-2006,
  author    = {Arnaud Carayol and
               Christophe Morvan},
  editor    = {Zolt{\'{a}}n {\'{E}}sik},
  title     = {On Rational Trees},
  booktitle = {{CSL} 2006},
  series    = {LNCS},
  volume    = {4207},
  pages     = {225--239},
  publisher = {Springer},
  year      = {2006}
}

@inproceedings{DBLP:conf/itp/JohanssonDB10,
  author    = {Moa Johansson and
               Lucas Dixon and
               Alan Bundy},
  title     = {Case-Analysis for Rippling and Inductive Proof},
  booktitle = {Interactive Theorem Proving, First International Conference, {ITP}
               2010, Edinburgh, UK, July 11-14, 2010. Proceedings},
  year      = {2010},
  pages     = {291--306},
  url       = {http://dx.doi.org/10.1007/978-3-642-14052-5_21},
  doi       = {10.1007/978-3-642-14052-5_21},
  timestamp = {Fri, 12 Sep 2014 17:15:58 +0200},
  biburl    = {http://dblp.uni-trier.de/rec/bib/conf/itp/JohanssonDB10},
  bibsource = {dblp computer science bibliography, http://dblp.org}
}

@article{djelloul-et-al-2008,
  author    = {Khalil Djelloul and
               Thi{-}Bich{-}Hanh Dao and
               Thom W. Fr{\"{u}}hwirth},
  title     = {Theory of finite or infinite trees revisited},
  journal   = {Theor.\ Pract.\ Log.\ Prog.},
  volume    = {8},
  number    = {4},
  pages     = {431--489},
  year      = {2008}
}

@inproceedings{ganzinger-et-al-2004,
  author    = {Harald Ganzinger and
               George Hagen and
               Robert Nieuwenhuis and
               Albert Oliveras and
               Cesare Tinelli},
  editor    = {Rajeev Alur and
               Doron Peled},
  title     = {{DPLL($T$)}: Fast Decision Procedures},
  booktitle = {CAV 2004},
  series    = {LNCS},
  volume    = {3114},
  pages     = {175--188},
  publisher = {Springer},
  year      = {2004}
}

%%% TODO: update once we have the details
@inproceedings{reynolds-blanchette-2015-codata,
  author = "Andrew Reynolds and Jasmin Christian Blanchette",
  title = "A Decision Procedure for (Co)datatypes in {SMT} Solvers",
  editor = "Amy Felty and Aart Middeldorp",
  booktitle = "CADE-25",
  publisher = "Springer",
  series    = {LNCS},
  year = 2015}

@article{dunets-et-al-2010,
  author    = {Andriy Dunets and
               Gerhard Schellhorn and
               Wolfgang Reif},
  title     = {Automated Flaw Detection in Algebraic Specifications},
  journal   = {J.~Autom.\ Reasoning},
  volume    = {45},
  number    = {4},
  year      = {2010},
  pages     = {359--395}
}

@article{blanchette-2013-relational,
  title = "Relational Analysis of (Co)inductive Predicates, (Co)inductive Data\-types, and (Co)recursive Functions",
  author = "J. C. Blanchette",
  journal = {Softw.\ Qual.\ J.},
  volume = 21,
  number = 1,
  pages = {101--126},
  year = 2013}

@inproceedings{lindblad-2008-testing,
    author = {Lindblad, Fredrik},
    booktitle = {TFP 2007},
    editor = {Moraz\'{a}n, Marco},
    publisher = {Intellect},
    title = {Property Directed Generation of First-Order Test Data},
    pages = {105--123},
    year = {2008}
}

@inproceedings{runciman-et-al-2008,
  author    = {Colin Runciman and
               Matthew Naylor and
               Fredrik Lindblad},
  title     = {{SmallCheck} and {Lazy SmallCheck}: Automatic Exhaustive Testing for Small Values},
  booktitle = {Haskell 2008},
  pages     = {37--48},
  editor    = {Andy Gill},
  publisher = {{ACM}},
  year      = {2008}
}

@inproceedings{claessen-hughes-2000,
  author    = {Koen Claessen and John Hughes},
  title     = {Quick{C}heck: A lightweight tool for random testing of {H}askell
               programs},
  booktitle = {ICFP {'}00},
  year      = {2000},
  pages     = {268--279},
  publisher = {ACM}
}

@inproceedings{zhang-zhang-1995,
  author = "Jian Zhang and Hantao Zhang",
  title = "{SEM}: A System for Enumerating Models",
  editor = "Chris S. Mellish",
  booktitle = "IJCAI-95",
  publisher = "Morgan Kaufmann",
  pages = {298--303},
  volume = 1,
  year = 1995}

@inproceedings{slaney-1994,
  author = "John K. Slaney",
  title = "{FINDER}: Finite Domain Enumerator System Description",
  booktitle = {CADE-12},
  editor    = {Alan Bundy},
  series    = {LNCS},
  volume    = {814},
  publisher = {Springer},
  year      = {1994},
  pages     = {798--801}}

@inproceedings{jackson-1996,
  author    = {Daniel Jackson},
  title     = {Nitpick: A Checkable Specification Language},
  booktitle = {FMSP '96},
  year      = {1996},
  pages     = {60--69}
}

@misc{mccune-prover9-mace4,
  author = "William McCune",
  title = "{Prover9} and {Mace4}",
  howpublished = "\url{http://www.cs.unm.edu/~mccune/prover9/}",
  year = "2010"}

@inproceedings{kuncak-jackson-2005,
  title = "Relational Analysis of Algebraic Datatypes",
  author = "Viktor Kuncak and Daniel Jackson",
  editor    = {Michel Wermelinger and
               Harald Gall},
  booktitle = "ESEC/FSE 2005",
  page = "207--216",
  publisher = "ACM",
  year = 2005}

@phdthesis{krauss-2009-phd,
  author = "Alexander Krauss",
  title = "Automating Recursive Definitions and Termination Proofs in Higher-Order Logic",
  school = {Dept.\ of Informatics, Technische Universit\"at M\"unchen},
  type = "{Ph.D.}\ thesis",
  year = 2009}

@inproceedings{mcbride-productive,
  author    = {Robert Atkey and
               Conor McBride},
  title     = {Productive coprogramming with guarded recursion},
 booktitle = {ICFP '13},
 year = 2013,
 numpages = 12,
 editor    = {Greg Morrisett and
              Tarmo Uustalu},
 publisher = {ACM},
  pages     = {197--208}
}

@inproceedings{turner-1995,
  author    = {D. A. Turner},
  title     = {Elementary Strong Functional Programming},
  booktitle = {FPLE '95},
  year      = {1995},
  pages     = {1--13},
  editor    = {Pieter H. Hartel and
               Marinus J. Plasmeijer},
  publisher = {Springer},
  series    = {LNCS},
  volume    = {1022}
}

@inproceedings{blanc2013overview,
  title={An overview of the Leon verification system: Verification by translation to recursive functions},
  author={Blanc, R{\'e}gis and Kuncak, Viktor and Kneuss, Etienne and Suter, Philippe},
  booktitle={Proceedings of the 4th Workshop on Scala},
  pages={1},
  year={2013},
  organization={ACM}
}